<record><leader>00000cas a2200000 a 4500</leader><controlfield tag="001">10186057</controlfield><controlfield tag="008">831203d18271834ohuwr ne      0    0eng c</controlfield><datafield ind1=" " ind2=" " tag="010"><subfield code="a">sn 83035629 </subfield></datafield><datafield ind1=" " ind2=" " tag="040"><subfield code="a">NPY</subfield><subfield code="b">eng</subfield><subfield code="c">NPY</subfield><subfield code="d">NPV</subfield><subfield code="d">NPX</subfield><subfield code="d">DLC</subfield><subfield code="d">ONP</subfield><subfield code="d">KNP</subfield><subfield code="d">YOX</subfield><subfield code="d">CNK</subfield><subfield code="d">NVK</subfield><subfield code="d">NVF</subfield><subfield code="d">OCL</subfield><subfield code="d">CVF</subfield><subfield code="d">DLC</subfield><subfield code="d">IUL</subfield><subfield code="d">OCLCQ</subfield><subfield code="d">KRTAS</subfield><subfield code="d">CUI</subfield><subfield code="d">OCLCQ</subfield><subfield code="d">OCLCF</subfield></datafield><datafield ind1="1" ind2=" " tag="029"><subfield code="a">AU@</subfield><subfield code="b">000020414797</subfield></datafield><datafield ind1=" " ind2=" " tag="042"><subfield code="a">pcc</subfield></datafield><datafield ind1=" " ind2=" " tag="043"><subfield code="a">n-us-oh</subfield></datafield><datafield ind1="0" ind2="0" tag="050"><subfield code="a">Newspaper</subfield></datafield><datafield ind1=" " ind2="4" tag="050"><subfield code="a">AN</subfield></datafield><datafield ind1="0" ind2=" " tag="130"><subfield code="a">Scioto gazette (Chillicothe, Ross County, Ohio : 1827)</subfield></datafield><datafield ind1="1" ind2="4" tag="245"><subfield code="a">The Scioto gazette.</subfield></datafield><datafield ind1=" " ind2=" " tag="260"><subfield code="a">Chillicothe, Ohio :</subfield><subfield code="b">J. Bailhache</subfield></datafield><datafield ind1=" " ind2=" " tag="300"><subfield code="a">v.</subfield></datafield><datafield ind1=" " ind2=" " tag="310"><subfield code="a">Weekly</subfield></datafield><datafield ind1="0" ind2=" " tag="362"><subfield code="a">Feb. 15, 1827-</subfield></datafield><datafield ind1="1" ind2=" " tag="362"><subfield code="a">Ceased with Apr. 16, 1834 issue.</subfield></datafield><datafield ind1=" " ind2=" " tag="500"><subfield code="a">"The Gazette will be a decided supporter of the National Republican party," Apr. 24, 1833.</subfield></datafield><datafield ind1=" " ind2=" " tag="500"><subfield code="a">"A family newspaper devoted to politics, literature, news, morality, agriculture and intelligence."</subfield></datafield><datafield ind1=" " ind2=" " tag="500"><subfield code="a">Publishers: Robert Kercheval, 1829-&lt;1832&gt;; John M. Pumroy, &lt;1834&gt;.</subfield></datafield><datafield ind1=" " ind2=" " tag="515"><subfield code="a">Vols. for Mar. 1, 1827-&lt;Aug 21, 1833&gt; also called whole no. 1375-&lt;1712&gt;.</subfield></datafield><datafield ind1=" " ind2=" " tag="515"><subfield code="a">New ser., v. 1, no. 1 was preceded by an issue dated Feb. 15, 1827.</subfield></datafield><datafield ind1=" " ind2=" " tag="515"><subfield code="a">New ser., v. 6, no. 46 (Jan. 2, 1833) misdated 1832.</subfield></datafield><datafield ind1=" " ind2=" " tag="530"><subfield code="a">Available on microfilm from Microfilm Corp., Cleveland, Ohio.</subfield></datafield><datafield ind1=" " ind2="0" tag="651"><subfield code="a">Chillicothe (Ross County, Ohio)</subfield><subfield code="v">Newspapers.</subfield></datafield><datafield ind1=" " ind2="7" tag="655"><subfield code="a">Newspapers.</subfield><subfield code="2">fast</subfield><subfield code="0">(OCoLC)fst01423814</subfield></datafield><datafield ind1=" " ind2="7" tag="651"><subfield code="a">Ohio</subfield><subfield code="z">Chillicothe (Ross County)</subfield><subfield code="2">fast</subfield><subfield code="0">(OCoLC)fst01312400</subfield></datafield><datafield ind1="1" ind2=" " tag="700"><subfield code="a">Bailhache, John,</subfield><subfield code="d">1787-1857.</subfield></datafield><datafield ind1=" " ind2=" " tag="752"><subfield code="a">United States</subfield><subfield code="b">Ohio</subfield><subfield code="c">Ross</subfield><subfield code="d">Chillicothe.</subfield></datafield><datafield ind1="0" ind2="8" tag="776"><subfield code="i">Online version:</subfield><subfield code="t">Scioto gazette (Chillicothe, Ross County, Ohio : 1827 : Online)</subfield><subfield code="w">(OCoLC)608574378</subfield></datafield><datafield ind1="0" ind2="0" tag="780"><subfield code="t">Supporter and Scioto gazette</subfield><subfield code="w">(DLC)sn 83035628</subfield><subfield code="w">(OCoLC)10186033</subfield></datafield><datafield ind1="0" ind2="0" tag="785"><subfield code="t">Scioto gazette and Independent Whig</subfield><subfield code="w">(DLC)sn 84024213</subfield><subfield code="w">(OCoLC)11239875</subfield></datafield><datafield ind1=" " ind2=" " tag="938"><subfield code="a">Kirtas Technologies, Inc.</subfield><subfield code="b">KRTS</subfield><subfield code="n">737934</subfield></datafield></record>